@manual{Drawio,
    title = {Draw.io alat za crtanje dijagrama obazaca uporabe},
    url = {https://app.diagrams.net/}
}

@manual{Vuetify,
    title = {Vuetify UI bibilioteka},
    url = {https://vuetifyjs.com/en/}
}

@manual{FER,
    title = {FER: Baze podataka, Predavanja, 2022.},
    url = {https://react-chartjs-2.js.org/components/line}
}

@manual{Dbeaver,
    title = {Dbeaver user guide},
    url = {https://dbeaver.com/doc/dbeaver.pdf}
}

@manual{PostgreSQL,
    title = {PostgreSQL documentation},
    url = {https://www.postgresql.org/docs/}
}

@manual{javatpoint,
    title = {Java Spring tutorial - javatpoint},
    url = {https://www.javatpoint.com/spring-tutorial}
}
@manual{mvc,
    title = {MVC framework - tutorialspoint},
    url = {https://www.tutorialspoint.com/mvc_framework/mvc_framework_introduction.htm}
}
@manual{chart,
    title = {Vue.js 3 - char components},
    url = {https://vue-chart-3.netlify.app/}
}